@article{barth,
  title={The Shooting-Room Paradox and Conditionalizing on Measurably Challenged Sets},
  author={Bartha, Paul and Hitchcock, Christopher},
  journal={Synthese},
  volume={118},
  number={3},
  pages={403--437},
  year={1999},
  publisher={Springer},
  url={https://www.jstor.org/stable/20118152}
}
